<record><leader>00000cas a22000007a 4500</leader><controlfield tag="001">18365823</controlfield><controlfield tag="008">880817d188u1884nyucr ne      0    0eng d</controlfield><datafield ind1=" " ind2=" " tag="010"><subfield code="a">sn 88074745 </subfield></datafield><datafield ind1=" " ind2=" " tag="040"><subfield code="a">NYS</subfield><subfield code="b">eng</subfield><subfield code="c">NYS</subfield><subfield code="d">OCLCQ</subfield></datafield><datafield ind1=" " ind2=" " tag="042"><subfield code="a">msc</subfield></datafield><datafield ind1="0" ind2="0" tag="245"><subfield code="a">Phelps semi-weekly advertiser.</subfield></datafield><datafield ind1=" " ind2=" " tag="260"><subfield code="a">Phelps, N.Y. :</subfield><subfield code="b">J.W. Neighbor</subfield></datafield><datafield ind1=" " ind2=" " tag="300"><subfield code="a">v.</subfield></datafield><datafield ind1=" " ind2=" " tag="310"><subfield code="a">Semiweekly</subfield></datafield><datafield ind1="1" ind2=" " tag="362"><subfield code="a">Ceased Sept. 1884.</subfield></datafield><datafield ind1=" " ind2=" " tag="588"><subfield code="a">Description based on: Vol. 4, no. 63 (Dec. 14, 1881).</subfield></datafield><datafield ind1=" " ind2="4" tag="651"><subfield code="a">Phelps (N.Y.)</subfield><subfield code="v">Newspapers.</subfield></datafield><datafield ind1=" " ind2=" " tag="752"><subfield code="a">United States</subfield><subfield code="b">New York</subfield><subfield code="c">Ontario</subfield><subfield code="d">Phelps.</subfield></datafield><datafield ind1="0" ind2="0" tag="780"><subfield code="t">Phelps advertiser</subfield><subfield code="w">(DLC)sn 83031666</subfield><subfield code="w">(OCoLC)9958757</subfield></datafield><datafield ind1="0" ind2="5" tag="785"><subfield code="t">Phelps citizen (Phelps, N.Y. : 1877)</subfield><subfield code="w">(DLC)sn 88074662</subfield><subfield code="w">(OCoLC)18347564</subfield></datafield><datafield ind1="1" ind2=" " tag="029"><subfield code="a">AU@</subfield><subfield code="b">000020517841</subfield></datafield></record>